@article{Pamies,
   doi = {10.1063/1.3103881},
   issn = {10706631},
   issue = {4},
   journal = {Physics of Fluids},
   publisher = {American Institute of Physics Inc.},
   title = {Generation of synthetic turbulent inflow data for large eddy simulation of spatially evolving wall-bounded flows},
   volume = {21},
   year = {2009},
}

@article{Jarrin2006,
   author = {N. Jarrin and S. Benhamadouche and D. Laurence and R. Prosser},
   doi = {10.1016/j.ijheatfluidflow.2006.02.006},
   issn = {0142727X},
   issue = {4},
   journal = {International Journal of Heat and Fluid Flow},
   keywords = {Channel flow,Inflow boundary conditions,Large-eddy simulation,Spatially decaying isotropic turbulence,Synthetic turbulence},
   month = {8},
   pages = {585-593},
   title = {A synthetic-eddy-method for generating inflow conditions for large-eddy simulations},
   volume = {27},
   year = {2006},
}

@software{Brunelli_ExoFlow_a_FEM_2022,
author = {Brunelli, Carlo},
month = {9},
title = {{ExoFlow a FEM software for incompressible fluid}},
url = {https://github.com/carlodev/ExoFlow},
version = {0.0.1},
year = {2022}
}


@article{Breuer2018,
   author = {M. Breuer},
   doi = {10.1007/s10494-017-9890-2},
   issn = {15731987},
   issue = {2},
   journal = {Flow, Turbulence and Combustion},
   keywords = {Airfoil flow,Inflow turbulence,Laminar separation bubble,Large-eddy simulation (LES),Synthetic turbulence inflow generator (STIG)},
   month = {9},
   pages = {433-456},
   publisher = {Springer Netherlands},
   title = {Effect of Inflow Turbulence on an Airfoil Flow with Laminar Separation Bubble: An LES Study},
   volume = {101},
   year = {2018},
}

@article{Klein2003,
   author = {M. Klein and A. Sadiki and J. Janicka},
   doi = {10.1016/S0021-9991(03)00090-1},
   issn = {00219991},
   issue = {2},
   journal = {Journal of Computational Physics},
   keywords = {DNS,Digital filter,Inflow boundary conditions,Inflow generation},
   month = {4},
   pages = {652-665},
   publisher = {Academic Press Inc.},
   title = {A digital filter based generation of inflow data for spatially developing direct numerical or large eddy simulations},
   volume = {186},
   year = {2003},
}

@misc{simSEM,   
    title = {Simcenter turbulent inflow},   
    url = {https://nheri-simcenter.github.io/WE-UQ-Documentation/common/technical_manual/desktop/WEUQ/TinF.html}
}

@article{LUND1998233,
title = {Generation of Turbulent Inflow Data for Spatially-Developing Boundary Layer Simulations},
journal = {Journal of Computational Physics},
volume = {140},
number = {2},
pages = {233-258},
year = {1998},
issn = {0021-9991},
doi = {https://doi.org/10.1006/jcph.1998.5882},
url = {https://www.sciencedirect.com/science/article/pii/S002199919895882X},
author = {Thomas S. Lund and Xiaohua Wu and Kyle D. Squires}
}


@inproceedings{Poletto2013,
   author = {R. Poletto and T. Craft and A. Revell},
   doi = {10.1007/s10494-013-9488-2},
   issn = {13866184},
   issue = {3},
   journal = {Flow, Turbulence and Combustion},
   keywords = {Embedded LES,SEM,Synthetic Eddy method,Synthetic turbulence},
   month = {10},
   pages = {519-539},
   title = {A new divergence free synthetic eddy method for the reproduction of inlet flow conditions for les},
   volume = {91},
   year = {2013},
}


@article{Oh2019,
   doi = {10.1016/j.ijheatmasstransfer.2019.02.061},
   issn = {00179310},
   journal = {International Journal of Heat and Mass Transfer},
   keywords = {Inflow boundary condition,Large-eddy simulation,Synthetic eddy method,Turbulent thermal boundary layer},
   month = {5},
   note = {Paper from the github code repo  https://github.com/blackcata/SEM},
   pages = {1261-1267},
   publisher = {Elsevier Ltd},
   title = {Extended synthetic eddy method to generate inflow data for turbulent thermal boundary layer},
   volume = {134},
   year = {2019},
}


%DFSEM
@inproceedings{Poletto2013,
   author = {R. Poletto and T. Craft and A. Revell},
   doi = {10.1007/s10494-013-9488-2},
   issn = {13866184},
   issue = {3},
   journal = {Flow, Turbulence and Combustion},
   keywords = {Embedded LES,SEM,Synthetic Eddy method,Synthetic turbulence},
   month = {10},
   pages = {519-539},
   title = {A new divergence free synthetic eddy method for the reproduction of inlet flow conditions for les},
   volume = {91},
   year = {2013},
}

@report{Polettoreport,
   author = {R Poletto and A Revell and T Craft and N Jarrin},
   title = {DIVERGENCE FREE SYNTHETIC EDDY METHOD FOR EMBEDDED LES INFLOW BOUNDARY CONDITIONS},
}
